@misc{ethereum_wp,
	title={Ethereum Whitepaper},
	howpublished={\url{https://ethereum.org/en/whitepaper/}},
	journal={ethereum.org},
	author={Vitalik Buterin}
},

@misc{ethereum_yp,
	title={Ethereum Yellowpaper},
	howpublished={\url{https://ethereum.github.io/yellowpaper/paper.pdf}},
	author={Gavin James Wood}
},

@book{antonopoulos_2021,
    title={Mastering Ethereum},
    publisher={Stanford University Press},
    author={Antonopoulos, Andreas M.},
    year={2021}
},

@misc{ethereum_d_docs,
	title={Ethereum Development Documentation},
	howpublished={\url{https://ethereum.org/en/developers/docs/}},
	journal={ethereum.org},
	author={The Ethereum Foundation}
},

@misc{ethereum_gls,
	title={Ethereum Glossary},
	howpublished={\url{https://ethereum.org/en/glossary/}},
	journal={ethereum.org},
	author={The Ethereum Foundation}
},

@misc{solidity_doc,
	title={The Solidity Language Documentation},
	howpublished={\url{https://docs.soliditylang.org/en/v0.8.9/}},
	author={Gavin James Wood and The Ethereum Foundation}
},

@misc{medium_eth_works,
	title={How does Ethereum work, anyway?},
	howpublished={\url{https://preethikasireddy.medium.com/how-does-ethereum-work-anyway-22d1df506369}},
	journal={medium.com},
	author={Preethi Kasireddy}
},

@misc{evm_tutorial,
	title={Ethereum EVM illustrated},
	howpublished={\url{https://takenobu-hs.github.io/downloads/ethereum_evm_illustrated.pdf}},
	journal={github.io},
	author={Takenobu T.}
},

@misc{xdai_explorer,
    title={Blockscout EVM Explorer},
    howpublished={\url{https://blockscout.com/}},
    publisher={Blockscout}
},

@misc{ethplorer,
    title={Ethplorer: Ethereum Tokens Explorer},
    howpublished={\url{https://ethplorer.io/}},
    publisher={Ethplorer}
},


@misc{blockchair,
    title={Blockchair: Universal blockchain explorer and search engine},
    howpublished={\url{https://blockchair.com/}},
    publisher={Blockchair}
},

@misc{etherchain,
    title={Etherchain: Ethereum Blockchain Explorer},
    howpublished={\url{https://etherchain.org/}},
    publisher={Etherchain}
},

@misc{etherscan,
    title={Etherscan: The Ethereum Blockchain Explorer},
    howpublished={\url{https://etherscan.io/}},
    publisher={Etherscan}
},

@misc{solidity_lang,
	title={The Solidity Language},
	howpublished={\url{https://docs.soliditylang.org/}}
},

@misc{ethereum_eips_github,
    title={Ethereum EIPs},
    howpublished={\url{https://github.com/ethereum/EIPs/tree/master/EIPS}},
    journal={GitHub},
    author={The Ethereum Foundation}
},

@misc{wikipedia_solidity,
    title={Solidity},
    howpublished={\url{https://en.wikipedia.org/wiki/Solidity}},
    journal={Wikipedia},
    publisher={Wikimedia Foundation}
},

@misc{language_influences,
    title={Language Influences on Solidity},
    howpublished={\url{https://docs.soliditylang.org/en/v0.8.9/language-influences.html}},
    journal={Solidity 0.8.9 documentation},
    author={Gavin James Wood and The Ethereum Foundation}
},

@misc{solidity_changelog,
    title={Solidity Changelog},
    howpublished={\url{https://github.com/ethereum/solidity/blob/develop/Changelog.md}},
    journal={GitHub},
    author={The Ethereum Foundation}
},

@misc{Openzeppelin_lib,
    title={The OpenZeppelin docs},
    howpublished={\url{https://github.com/OpenZeppelin/openzeppelin-contracts/tree/master/contracts}}
},

@misc{dappsys_docs,
    title={The DappSys docs},
    howpublished={\url{https://github.com/dapphub/dappsys}}
},

@misc{uniswapv2_blog,
    title={Uniswap V2},
    howpublished={\url{https://uniswap.org/blog/uniswap-v2/}}
},

@misc{uniswapv3_blog,
    title={Uniswap V3},
    howpublished={\url{https://uniswap.org/blog/uniswap-v2/}}
},

@misc{weth9_contract,
    title={WETH9 Smart Contract},
    howpublished={\url{https://etherscan.io/address/0xc02aaa39b223fe8d0a0e5c4f27ead9083c756cc2#code}},
    journal={Etherscan}
},

@misc{jacques_dafflon_2017,
    title={EIP-777: Token Standard},
    howpublished={\url{https://eips.ethereum.org/EIPS/eip-777}},
    journal={Ethereum Improvement Proposals},
    author={Jacques Dafflon and Jordi Baylina},
    year={2017},
    month={Nov}
},

@misc{ethereum_eips,
    title={Ethereum Improvement Proposals},
    howpublished={\url{https://eips.ethereum.org/}},
    publisher={The Ethereum Foudnation}
},

@misc{chainlink_docs,
    title={The Chainlink docs},
    howpublished={\url{https://docs.chain.link/}}
}
